%% This BibTeX bibliography file was created using BibDesk.
%% http://bibdesk.sourceforge.net/

%% Created for Liberty, Edo at 2018-11-15 10:45:40 -0800 


%% Saved with string encoding Unicode (UTF-8) 



@inbook{barany2008,
	Author = {B{\'a}r{\'a}ny, Imre},
	Date-Added = {2018-11-15 18:43:45 +0000},
	Date-Modified = {2018-11-15 18:45:10 +0000},
	Editor = {Gr{\"o}tschel, Martin and Katona, Gyula O. H. and S{\'a}gi, G{\'a}bor},
	Publisher = {Springer Berlin Heidelberg},
	Title = {On the Power of Linear Dependencies},
	Year = {2008}}

@article{DBLP:journals/corr/abs-1802-01751,
	Archiveprefix = {arXiv},
	Author = {Jeff M. Phillips and Wai Ming Tai},
	Bibsource = {dblp computer science bibliography, https://dblp.org},
	Biburl = {https://dblp.org/rec/bib/journals/corr/abs-1802-01751},
	Date-Added = {2018-11-12 03:46:22 +0000},
	Date-Modified = {2018-11-12 03:46:22 +0000},
	Eprint = {1802.01751},
	Journal = {CoRR},
	Timestamp = {Mon, 13 Aug 2018 16:47:29 +0200},
	Title = {Near-Optimal Coresets of Kernel Density Estimates},
	Url = {http://arxiv.org/abs/1802.01751},
	Volume = {abs/1802.01751},
	Year = {2018},
	Bdsk-Url-1 = {http://arxiv.org/abs/1802.01751}}

@inproceedings{Ghashami:2014:RED:2634074.2634127,
	Acmid = {2634127},
	Address = {Philadelphia, PA, USA},
	Author = {Ghashami, Mina and Phillips, Jeff M.},
	Booktitle = {Proceedings of the Twenty-fifth Annual ACM-SIAM Symposium on Discrete Algorithms},
	Date-Added = {2018-11-12 03:39:41 +0000},
	Date-Modified = {2018-11-12 03:39:41 +0000},
	Isbn = {978-1-611973-38-9},
	Location = {Portland, Oregon},
	Numpages = {11},
	Pages = {707--717},
	Publisher = {Society for Industrial and Applied Mathematics},
	Series = {SODA '14},
	Title = {Relative Errors for Deterministic Low-rank Matrix Approximations},
	Url = {http://dl.acm.org/citation.cfm?id=2634074.2634127},
	Year = {2014},
	Bdsk-Url-1 = {http://dl.acm.org/citation.cfm?id=2634074.2634127}}

@inproceedings{DBLP:conf/soda/PhillipsT18,
	Author = {Jeff M. Phillips and Wai Ming Tai},
	Bibsource = {dblp computer science bibliography, https://dblp.org},
	Biburl = {https://dblp.org/rec/bib/conf/soda/PhillipsT18},
	Booktitle = {Proceedings of the Twenty-Ninth Annual {ACM-SIAM} Symposium on Discrete Algorithms, {SODA} 2018, New Orleans, LA, USA, January 7-10, 2018},
	Crossref = {DBLP:conf/soda/2018},
	Date-Added = {2018-11-11 15:03:31 +0000},
	Date-Modified = {2018-11-11 15:03:31 +0000},
	Doi = {10.1137/1.9781611975031.173},
	Pages = {2718--2727},
	Timestamp = {Thu, 04 Jan 2018 13:55:11 +0100},
	Title = {Improved Coresets for Kernel Density Estimates},
	Url = {https://doi.org/10.1137/1.9781611975031.173},
	Year = {2018},
	Bdsk-Url-1 = {https://doi.org/10.1137/1.9781611975031.173}}

@proceedings{DBLP:conf/soda/2018,
	Bibsource = {dblp computer science bibliography, https://dblp.org},
	Biburl = {https://dblp.org/rec/bib/conf/soda/2018},
	Date-Added = {2018-11-11 15:03:31 +0000},
	Date-Modified = {2018-11-11 15:03:31 +0000},
	Doi = {10.1137/1.9781611975031},
	Editor = {Artur Czumaj},
	Isbn = {978-1-61197-503-1},
	Publisher = {{SIAM}},
	Timestamp = {Thu, 04 Jan 2018 13:32:12 +0100},
	Title = {Proceedings of the Twenty-Ninth Annual {ACM-SIAM} Symposium on Discrete Algorithms, {SODA} 2018, New Orleans, LA, USA, January 7-10, 2018},
	Url = {https://doi.org/10.1137/1.9781611975031},
	Year = {2018},
	Bdsk-Url-1 = {https://doi.org/10.1137/1.9781611975031}}

@inproceedings{DBLP:conf/soda/GhashamiP14,
	Author = {Mina Ghashami and Jeff M. Phillips},
	Bibsource = {dblp computer science bibliography, https://dblp.org},
	Biburl = {https://dblp.org/rec/bib/conf/soda/GhashamiP14},
	Booktitle = {Proceedings of the Twenty-Fifth Annual {ACM-SIAM} Symposium on Discrete Algorithms, {SODA} 2014, Portland, Oregon, USA, January 5-7, 2014},
	Crossref = {DBLP:conf/soda/2014},
	Date-Added = {2018-11-11 15:02:51 +0000},
	Date-Modified = {2018-11-11 15:02:51 +0000},
	Doi = {10.1137/1.9781611973402.53},
	Pages = {707--717},
	Timestamp = {Wed, 24 May 2017 08:31:21 +0200},
	Title = {Relative Errors for Deterministic Low-Rank Matrix Approximations},
	Url = {https://doi.org/10.1137/1.9781611973402.53},
	Year = {2014},
	Bdsk-Url-1 = {https://doi.org/10.1137/1.9781611973402.53}}

@proceedings{DBLP:conf/soda/2014,
	Bibsource = {dblp computer science bibliography, https://dblp.org},
	Biburl = {https://dblp.org/rec/bib/conf/soda/2014},
	Date-Added = {2018-11-11 15:02:51 +0000},
	Date-Modified = {2018-11-11 15:02:51 +0000},
	Doi = {10.1137/1.9781611973402},
	Editor = {Chandra Chekuri},
	Isbn = {978-1-61197-338-9},
	Publisher = {{SIAM}},
	Timestamp = {Wed, 24 May 2017 08:31:21 +0200},
	Title = {Proceedings of the Twenty-Fifth Annual {ACM-SIAM} Symposium on Discrete Algorithms, {SODA} 2014, Portland, Oregon, USA, January 5-7, 2014},
	Url = {https://doi.org/10.1137/1.9781611973402},
	Year = {2014},
	Bdsk-Url-1 = {https://doi.org/10.1137/1.9781611973402}}

@inproceedings{DBLP:conf/soda/DeshpandeRVW06,
	Author = {Amit Deshpande and Luis Rademacher and Santosh Vempala and Grant Wang},
	Bibsource = {dblp computer science bibliography, https://dblp.org},
	Biburl = {https://dblp.org/rec/bib/conf/soda/DeshpandeRVW06},
	Booktitle = {Proceedings of the Seventeenth Annual {ACM-SIAM} Symposium on Discrete Algorithms, {SODA} 2006, Miami, Florida, USA, January 22-26, 2006},
	Crossref = {DBLP:conf/soda/2006},
	Date-Added = {2018-11-11 15:00:49 +0000},
	Date-Modified = {2018-11-11 15:00:49 +0000},
	Pages = {1117--1126},
	Timestamp = {Tue, 06 Mar 2018 17:05:10 +0100},
	Title = {Matrix approximation and projective clustering via volume sampling},
	Url = {http://dl.acm.org/citation.cfm?id=1109557.1109681},
	Year = {2006},
	Bdsk-Url-1 = {http://dl.acm.org/citation.cfm?id=1109557.1109681}}

@proceedings{DBLP:conf/soda/2006,
	Bibsource = {dblp computer science bibliography, https://dblp.org},
	Biburl = {https://dblp.org/rec/bib/conf/soda/2006},
	Date-Added = {2018-11-11 15:00:49 +0000},
	Date-Modified = {2018-11-11 15:00:49 +0000},
	Isbn = {0-89871-605-5},
	Publisher = {{ACM} Press},
	Timestamp = {Fri, 07 Dec 2012 17:02:08 +0100},
	Title = {Proceedings of the Seventeenth Annual {ACM-SIAM} Symposium on Discrete Algorithms, {SODA} 2006, Miami, Florida, USA, January 22-26, 2006},
	Url = {http://dl.acm.org/citation.cfm?id=1109557},
	Year = {2006},
	Bdsk-Url-1 = {http://dl.acm.org/citation.cfm?id=1109557}}

@inproceedings{DBLP:conf/focs/DeshpandeR10,
	Author = {Amit Deshpande and Luis Rademacher},
	Bibsource = {dblp computer science bibliography, https://dblp.org},
	Biburl = {https://dblp.org/rec/bib/conf/focs/DeshpandeR10},
	Booktitle = {51th Annual {IEEE} Symposium on Foundations of Computer Science, {FOCS} 2010, October 23-26, 2010, Las Vegas, Nevada, {USA}},
	Crossref = {DBLP:conf/focs/2010},
	Date-Added = {2018-11-11 14:59:28 +0000},
	Date-Modified = {2018-11-11 14:59:28 +0000},
	Doi = {10.1109/FOCS.2010.38},
	Pages = {329--338},
	Timestamp = {Tue, 06 Mar 2018 17:05:10 +0100},
	Title = {Efficient Volume Sampling for Row/Column Subset Selection},
	Url = {https://doi.org/10.1109/FOCS.2010.38},
	Year = {2010},
	Bdsk-Url-1 = {https://doi.org/10.1109/FOCS.2010.38}}

@proceedings{DBLP:conf/focs/2010,
	Bibsource = {dblp computer science bibliography, https://dblp.org},
	Biburl = {https://dblp.org/rec/bib/conf/focs/2010},
	Date-Added = {2018-11-11 14:59:28 +0000},
	Date-Modified = {2018-11-11 14:59:28 +0000},
	Isbn = {978-0-7695-4244-7},
	Publisher = {{IEEE} Computer Society},
	Timestamp = {Mon, 15 Dec 2014 18:48:44 +0100},
	Title = {51th Annual {IEEE} Symposium on Foundations of Computer Science, {FOCS} 2010, October 23-26, 2010, Las Vegas, Nevada, {USA}},
	Url = {http://ieeexplore.ieee.org/xpl/mostRecentIssue.jsp?punumber=5669376},
	Year = {2010},
	Bdsk-Url-1 = {http://ieeexplore.ieee.org/xpl/mostRecentIssue.jsp?punumber=5669376}}
