%% This BibTeX bibliography file was created using BibDesk.
%% http://bibdesk.sourceforge.net/

%% Created for Liberty, Edo at 2019-01-29 21:59:22 -0800 


%% Saved with string encoding Unicode (UTF-8) 



@article{van2015fast,
	Author = {Van Erven, Tim and Gr{\"u}nwald, Peter D and Mehta, Nishant A and Reid, Mark D and Williamson, Robert C},
	Date-Added = {2019-01-29 21:59:20 -0800},
	Date-Modified = {2019-01-29 21:59:20 -0800},
	Journal = {Journal of Machine Learning Research},
	Pages = {1793--1861},
	Title = {Fast rates in statistical and online learning.},
	Volume = {16},
	Year = {2015}}

@inproceedings{DBLP:conf/nips/MunteanuSSW18,
	Author = {Alexander Munteanu and Chris Schwiegelshohn and Christian Sohler and David P. Woodruff},
	Bibsource = {dblp computer science bibliography, https://dblp.org},
	Biburl = {https://dblp.org/rec/bib/conf/nips/MunteanuSSW18},
	Booktitle = {Advances in Neural Information Processing Systems 31: Annual Conference on Neural Information Processing Systems 2018, NeurIPS 2018, 3-8 December 2018, Montr{\'{e}}al, Canada.},
	Crossref = {DBLP:conf/nips/2018},
	Date-Added = {2019-01-29 12:36:05 -0800},
	Date-Modified = {2019-01-29 12:36:05 -0800},
	Pages = {6562--6571},
	Timestamp = {Sun, 16 Dec 2018 17:30:05 +0100},
	Title = {On Coresets for Logistic Regression},
	Url = {http://papers.nips.cc/paper/7891-on-coresets-for-logistic-regression},
	Year = {2018},
	Bdsk-Url-1 = {http://papers.nips.cc/paper/7891-on-coresets-for-logistic-regression}}

@proceedings{DBLP:conf/nips/2018,
	Bibsource = {dblp computer science bibliography, https://dblp.org},
	Biburl = {https://dblp.org/rec/bib/conf/nips/2018},
	Date-Added = {2019-01-29 12:36:05 -0800},
	Date-Modified = {2019-01-29 12:36:05 -0800},
	Editor = {Samy Bengio and Hanna M. Wallach and Hugo Larochelle and Kristen Grauman and Nicol{\`{o}} Cesa{-}Bianchi and Roman Garnett},
	Timestamp = {Sun, 16 Dec 2018 17:30:05 +0100},
	Title = {Advances in Neural Information Processing Systems 31: Annual Conference on Neural Information Processing Systems 2018, NeurIPS 2018, 3-8 December 2018, Montr{\'{e}}al, Canada},
	Url = {http://papers.nips.cc/book/advances-in-neural-information-processing-systems-31-2018},
	Year = {2018},
	Bdsk-Url-1 = {http://papers.nips.cc/book/advances-in-neural-information-processing-systems-31-2018}}

@article{bachem2017practical,
	Author = {Bachem, Olivier and Lucic, Mario and Krause, Andreas},
	Date-Added = {2019-01-29 12:33:02 -0800},
	Date-Modified = {2019-01-29 12:33:02 -0800},
	Journal = {arXiv preprint arXiv:1703.06476},
	Title = {Practical coreset constructions for machine learning},
	Year = {2017}}

@inproceedings{DBLP:conf/stoc/FeldmanL11,
	Author = {Dan Feldman and Michael Langberg},
	Bibsource = {dblp computer science bibliography, https://dblp.org},
	Biburl = {https://dblp.org/rec/bib/conf/stoc/FeldmanL11},
	Booktitle = {Proceedings of the 43rd {ACM} Symposium on Theory of Computing, {STOC} 2011, San Jose, CA, USA, 6-8 June 2011},
	Crossref = {DBLP:conf/stoc/2011},
	Date-Added = {2019-01-29 12:30:13 -0800},
	Date-Modified = {2019-01-29 12:30:13 -0800},
	Doi = {10.1145/1993636.1993712},
	Pages = {569--578},
	Timestamp = {Tue, 06 Nov 2018 11:07:04 +0100},
	Title = {A unified framework for approximating and clustering data},
	Url = {https://doi.org/10.1145/1993636.1993712},
	Year = {2011},
	Bdsk-Url-1 = {https://doi.org/10.1145/1993636.1993712}}

@proceedings{DBLP:conf/stoc/2011,
	Bibsource = {dblp computer science bibliography, https://dblp.org},
	Biburl = {https://dblp.org/rec/bib/conf/stoc/2011},
	Date-Added = {2019-01-29 12:30:13 -0800},
	Date-Modified = {2019-01-29 12:30:13 -0800},
	Editor = {Lance Fortnow and Salil P. Vadhan},
	Isbn = {978-1-4503-0691-1},
	Publisher = {{ACM}},
	Timestamp = {Tue, 22 May 2012 21:36:56 +0200},
	Title = {Proceedings of the 43rd {ACM} Symposium on Theory of Computing, {STOC} 2011, San Jose, CA, USA, 6-8 June 2011},
	Year = {2011}}

@article{agarwal2005geometric,
	Author = {Agarwal, Pankaj K and Har-Peled, Sariel and Varadarajan, Kasturi R},
	Date-Added = {2019-01-29 12:29:03 -0800},
	Date-Modified = {2019-01-29 12:29:03 -0800},
	Journal = {Combinatorial and computational geometry},
	Pages = {1--30},
	Publisher = {Cambridge University Press Cambridge, UK},
	Title = {Geometric approximation via coresets},
	Volume = {52},
	Year = {2005}}

@inproceedings{DBLP:conf/compgeom/Har-PeledK05,
	Author = {Sariel Har{-}Peled and Akash Kushal},
	Bibsource = {dblp computer science bibliography, https://dblp.org},
	Biburl = {https://dblp.org/rec/bib/conf/compgeom/Har-PeledK05},
	Booktitle = {Proceedings of the 21st {ACM} Symposium on Computational Geometry, Pisa, Italy, June 6-8, 2005},
	Crossref = {DBLP:conf/compgeom/2005},
	Date-Added = {2019-01-29 11:51:32 -0800},
	Date-Modified = {2019-01-29 11:51:32 -0800},
	Doi = {10.1145/1064092.1064114},
	Pages = {126--134},
	Timestamp = {Tue, 06 Nov 2018 16:57:04 +0100},
	Title = {Smaller coresets for k-median and k-means clustering},
	Url = {https://doi.org/10.1145/1064092.1064114},
	Year = {2005},
	Bdsk-Url-1 = {https://doi.org/10.1145/1064092.1064114}}

@proceedings{DBLP:conf/compgeom/2005,
	Bibsource = {dblp computer science bibliography, https://dblp.org},
	Biburl = {https://dblp.org/rec/bib/conf/compgeom/2005},
	Date-Added = {2019-01-29 11:51:32 -0800},
	Date-Modified = {2019-01-29 11:51:32 -0800},
	Doi = {10.1145/1064092},
	Editor = {Joseph S. B. Mitchell and G{\"{u}}nter Rote},
	Isbn = {1-58113-991-8},
	Publisher = {{ACM}},
	Timestamp = {Tue, 06 Nov 2018 16:57:03 +0100},
	Title = {Proceedings of the 21st {ACM} Symposium on Computational Geometry, Pisa, Italy, June 6-8, 2005},
	Url = {https://doi.org/10.1145/1064092},
	Year = {2005},
	Bdsk-Url-1 = {https://doi.org/10.1145/1064092}}

@inproceedings{DBLP:conf/ijcai/Har-PeledRZ07,
	Author = {Sariel Har{-}Peled and Dan Roth and Dav Zimak},
	Bibsource = {dblp computer science bibliography, https://dblp.org},
	Biburl = {https://dblp.org/rec/bib/conf/ijcai/Har-PeledRZ07},
	Booktitle = {{IJCAI} 2007, Proceedings of the 20th International Joint Conference on Artificial Intelligence, Hyderabad, India, January 6-12, 2007},
	Crossref = {DBLP:conf/ijcai/2007},
	Date-Added = {2019-01-29 11:49:57 -0800},
	Date-Modified = {2019-01-29 11:49:57 -0800},
	Pages = {836--841},
	Timestamp = {Wed, 20 Jul 2016 13:58:40 +0200},
	Title = {Maximum Margin Coresets for Active and Noise Tolerant Learning},
	Url = {http://ijcai.org/Proceedings/07/Papers/134.pdf},
	Year = {2007},
	Bdsk-Url-1 = {http://ijcai.org/Proceedings/07/Papers/134.pdf}}

@proceedings{DBLP:conf/ijcai/2007,
	Bibsource = {dblp computer science bibliography, https://dblp.org},
	Biburl = {https://dblp.org/rec/bib/conf/ijcai/2007},
	Date-Added = {2019-01-29 11:49:57 -0800},
	Date-Modified = {2019-01-29 11:49:57 -0800},
	Editor = {Manuela M. Veloso},
	Timestamp = {Wed, 20 Jul 2016 13:58:40 +0200},
	Title = {{IJCAI} 2007, Proceedings of the 20th International Joint Conference on Artificial Intelligence, Hyderabad, India, January 6-12, 2007},
	Url = {http://ijcai.org/proceedings/2007},
	Year = {2007},
	Bdsk-Url-1 = {http://ijcai.org/proceedings/2007}}

@article{DBLP:journals/jmlr/DerezinskiW18,
	Author = {Michal Derezinski and Manfred K. Warmuth},
	Bibsource = {dblp computer science bibliography, https://dblp.org},
	Biburl = {https://dblp.org/rec/bib/journals/jmlr/DerezinskiW18},
	Date-Added = {2019-01-15 10:31:35 -0800},
	Date-Modified = {2019-01-15 10:31:35 -0800},
	Journal = {Journal of Machine Learning Research},
	Timestamp = {Wed, 05 Sep 2018 16:10:53 +0200},
	Title = {Reverse Iterative Volume Sampling for Linear Regression},
	Url = {http://jmlr.org/papers/v19/papers/v19/17-781.html},
	Volume = {19},
	Year = {2018},
	Bdsk-Url-1 = {http://jmlr.org/papers/v19/papers/v19/17-781.html}}

@inproceedings{MRL,
	Acmid = {304204},
	Address = {New York, NY, USA},
	Author = {Manku, Gurmeet Singh and Rajagopalan, Sridhar and Lindsay, Bruce G.},
	Booktitle = {Proceedings of the 1999 ACM SIGMOD International Conference on Management of Data},
	Date-Added = {2019-01-14 22:06:32 -0800},
	Date-Modified = {2019-01-14 22:07:10 -0800},
	Doi = {10.1145/304182.304204},
	Isbn = {1-58113-084-8},
	Location = {Philadelphia, Pennsylvania, USA},
	Numpages = {12},
	Pages = {251--262},
	Publisher = {ACM},
	Series = {SIGMOD '99},
	Title = {Random Sampling Techniques for Space Efficient Online Computation of Order Statistics of Large Datasets},
	Url = {http://doi.acm.org/10.1145/304182.304204},
	Year = {1999},
	Bdsk-Url-1 = {http://doi.acm.org/10.1145/304182.304204},
	Bdsk-Url-2 = {https://doi.org/10.1145/304182.304204}}

@article{Manku:1999:RST:304181.304204,
	Acmid = {304204},
	Address = {New York, NY, USA},
	Author = {Manku, Gurmeet Singh and Rajagopalan, Sridhar and Lindsay, Bruce G.},
	Date-Added = {2019-01-14 22:06:19 -0800},
	Date-Modified = {2019-01-14 22:06:19 -0800},
	Doi = {10.1145/304181.304204},
	Issn = {0163-5808},
	Issue_Date = {June 1999},
	Journal = {SIGMOD Rec.},
	Month = jun,
	Number = {2},
	Numpages = {12},
	Pages = {251--262},
	Publisher = {ACM},
	Title = {Random Sampling Techniques for Space Efficient Online Computation of Order Statistics of Large Datasets},
	Url = {http://doi.acm.org/10.1145/304181.304204},
	Volume = {28},
	Year = {1999},
	Bdsk-Url-1 = {http://doi.acm.org/10.1145/304181.304204},
	Bdsk-Url-2 = {https://doi.org/10.1145/304181.304204}}

@article{Banaszczyk,
	Acmid = {294765},
	Address = {New York, NY, USA},
	Author = {Banaszczyk, Wojciech},
	Date-Added = {2019-01-01 21:38:31 -0800},
	Date-Modified = {2019-01-01 21:39:19 -0800},
	Doi = {10.1002/(SICI)1098-2418(199807)12:4<351::AID-RSA3>3.0.CO;2-S},
	Issn = {1042-9832},
	Issue_Date = {July 1, 1998},
	Journal = {Random Struct. Algorithms},
	Keywords = {Gaussian measures, arrangements of signs, balancing vectors, convex bodies, the Koml\'{o}s conjecture},
	Month = jul,
	Number = {4},
	Numpages = {10},
	Pages = {351--360},
	Publisher = {John Wiley \& Sons, Inc.},
	Title = {Balancing Vectors and Gaussian Measures of N-dimensional Convex Bodies},
	Url = {http://dx.doi.org/10.1002/(SICI)1098-2418(199807)12:4<351::AID-RSA3>3.0.CO;2-S},
	Volume = {12},
	Year = {1998},
	Bdsk-Url-1 = {http://dx.doi.org/10.1002/(SICI)1098-2418(199807)12:4%3C351::AID-RSA3%3E3.0.CO;2-S}}

@article{tomioka2014spectral,
	Author = {Tomioka, Ryota and Suzuki, Taiji},
	Date-Added = {2018-12-20 16:01:50 -0800},
	Date-Modified = {2018-12-20 16:01:50 -0800},
	Journal = {arXiv preprint arXiv:1407.1870},
	Title = {Spectral norm of random tensors},
	Year = {2014}}

@inproceedings{DBLP:conf/stoc/BansalDGL18,
	Author = {Nikhil Bansal and Daniel Dadush and Shashwat Garg and Shachar Lovett},
	Bibsource = {dblp computer science bibliography, https://dblp.org},
	Biburl = {https://dblp.org/rec/bib/conf/stoc/BansalDGL18},
	Booktitle = {Proceedings of the 50th Annual {ACM} {SIGACT} Symposium on Theory of Computing, {STOC} 2018, Los Angeles, CA, USA, June 25-29, 2018},
	Crossref = {DBLP:conf/stoc/2018},
	Date-Added = {2018-12-14 23:31:32 +0000},
	Date-Modified = {2018-12-14 23:31:32 +0000},
	Doi = {10.1145/3188745.3188850},
	Pages = {587--597},
	Timestamp = {Wed, 21 Nov 2018 12:44:02 +0100},
	Title = {The gram-schmidt walk: a cure for the Banaszczyk blues},
	Url = {https://doi.org/10.1145/3188745.3188850},
	Year = {2018},
	Bdsk-Url-1 = {https://doi.org/10.1145/3188745.3188850}}

@proceedings{DBLP:conf/stoc/2018,
	Bibsource = {dblp computer science bibliography, https://dblp.org},
	Biburl = {https://dblp.org/rec/bib/conf/stoc/2018},
	Date-Added = {2018-12-14 23:31:32 +0000},
	Date-Modified = {2018-12-14 23:31:32 +0000},
	Editor = {Ilias Diakonikolas and David Kempe and Monika Henzinger},
	Publisher = {{ACM}},
	Timestamp = {Thu, 21 Jun 2018 08:21:03 +0200},
	Title = {Proceedings of the 50th Annual {ACM} {SIGACT} Symposium on Theory of Computing, {STOC} 2018, Los Angeles, CA, USA, June 25-29, 2018},
	Url = {http://dl.acm.org/citation.cfm?id=3188745},
	Year = {2018},
	Bdsk-Url-1 = {http://dl.acm.org/citation.cfm?id=3188745}}

@article{Bartlett:2003:RGC:944919.944944,
	Acmid = {944944},
	Author = {Bartlett, Peter L. and Mendelson, Shahar},
	Date-Added = {2018-12-05 20:10:57 +0000},
	Date-Modified = {2018-12-05 20:10:57 +0000},
	Issn = {1532-4435},
	Issue_Date = {3/1/2003},
	Journal = {J. Mach. Learn. Res.},
	Keywords = {Rademacher averages, data-dependent complexity, error bounds, maximum discrepancy},
	Month = mar,
	Numpages = {20},
	Pages = {463--482},
	Publisher = {JMLR.org},
	Title = {Rademacher and Gaussian Complexities: Risk Bounds and Structural Results},
	Url = {http://dl.acm.org/citation.cfm?id=944919.944944},
	Volume = {3},
	Year = {2003},
	Bdsk-Url-1 = {http://dl.acm.org/citation.cfm?id=944919.944944}}

@inproceedings{DBLP:conf/nips/HugginsCB16,
	Author = {Jonathan H. Huggins and Trevor Campbell and Tamara Broderick},
	Bibsource = {dblp computer science bibliography, https://dblp.org},
	Biburl = {https://dblp.org/rec/bib/conf/nips/HugginsCB16},
	Booktitle = {Advances in Neural Information Processing Systems 29: Annual Conference on Neural Information Processing Systems 2016, December 5-10, 2016, Barcelona, Spain},
	Crossref = {DBLP:conf/nips/2016},
	Date-Added = {2018-11-24 18:02:55 +0000},
	Date-Modified = {2018-11-24 18:02:55 +0000},
	Pages = {4080--4088},
	Timestamp = {Fri, 03 Mar 2017 14:59:41 +0100},
	Title = {Coresets for scalable bayesian logistic regression},
	Url = {http://papers.nips.cc/paper/6486-coresets-for-scalable-bayesian-logistic-regression},
	Year = {2016},
	Bdsk-Url-1 = {http://papers.nips.cc/paper/6486-coresets-for-scalable-bayesian-logistic-regression}}

@proceedings{DBLP:conf/nips/2016,
	Bibsource = {dblp computer science bibliography, https://dblp.org},
	Biburl = {https://dblp.org/rec/bib/conf/nips/2016},
	Date-Added = {2018-11-24 18:02:55 +0000},
	Date-Modified = {2018-11-24 18:02:55 +0000},
	Editor = {Daniel D. Lee and Masashi Sugiyama and Ulrike von Luxburg and Isabelle Guyon and Roman Garnett},
	Timestamp = {Fri, 03 Mar 2017 14:59:41 +0100},
	Title = {Advances in Neural Information Processing Systems 29: Annual Conference on Neural Information Processing Systems 2016, December 5-10, 2016, Barcelona, Spain},
	Url = {http://papers.nips.cc/book/advances-in-neural-information-processing-systems-29-2016},
	Year = {2016},
	Bdsk-Url-1 = {http://papers.nips.cc/book/advances-in-neural-information-processing-systems-29-2016}}

@article{DBLP:journals/corr/abs-1805-08571,
	Archiveprefix = {arXiv},
	Author = {Alexander Munteanu and Chris Schwiegelshohn and Christian Sohler and David P. Woodruff},
	Bibsource = {dblp computer science bibliography, https://dblp.org},
	Biburl = {https://dblp.org/rec/bib/journals/corr/abs-1805-08571},
	Date-Added = {2018-11-24 04:43:41 +0000},
	Date-Modified = {2018-11-24 04:43:41 +0000},
	Eprint = {1805.08571},
	Journal = {CoRR},
	Timestamp = {Mon, 13 Aug 2018 16:48:32 +0200},
	Title = {On Coresets for Logistic Regression},
	Url = {http://arxiv.org/abs/1805.08571},
	Volume = {abs/1805.08571},
	Year = {2018},
	Bdsk-Url-1 = {http://arxiv.org/abs/1805.08571}}

@inproceedings{DBLP:conf/approx/DadushGLN16,
	Author = {Daniel Dadush and Shashwat Garg and Shachar Lovett and Aleksandar Nikolov},
	Bibsource = {dblp computer science bibliography, https://dblp.org},
	Biburl = {https://dblp.org/rec/bib/conf/approx/DadushGLN16},
	Booktitle = {Approximation, Randomization, and Combinatorial Optimization. Algorithms and Techniques, {APPROX/RANDOM} 2016, September 7-9, 2016, Paris, France},
	Crossref = {DBLP:conf/approx/2016},
	Date-Added = {2018-11-21 18:03:23 +0000},
	Date-Modified = {2018-11-21 18:03:23 +0000},
	Doi = {10.4230/LIPIcs.APPROX-RANDOM.2016.28},
	Pages = {28:1--28:12},
	Timestamp = {Thu, 23 Aug 2018 15:56:13 +0200},
	Title = {Towards a Constructive Version of Banaszczyk's Vector Balancing Theorem},
	Url = {https://doi.org/10.4230/LIPIcs.APPROX-RANDOM.2016.28},
	Year = {2016},
	Bdsk-Url-1 = {https://doi.org/10.4230/LIPIcs.APPROX-RANDOM.2016.28}}

@proceedings{DBLP:conf/approx/2016,
	Bibsource = {dblp computer science bibliography, https://dblp.org},
	Biburl = {https://dblp.org/rec/bib/conf/approx/2016},
	Date-Added = {2018-11-21 18:03:23 +0000},
	Date-Modified = {2018-11-21 18:03:23 +0000},
	Editor = {Klaus Jansen and Claire Mathieu and Jos{\'{e}} D. P. Rolim and Chris Umans},
	Isbn = {978-3-95977-018-7},
	Publisher = {Schloss Dagstuhl - Leibniz-Zentrum fuer Informatik},
	Series = {LIPIcs},
	Timestamp = {Wed, 14 Sep 2016 16:02:46 +0200},
	Title = {Approximation, Randomization, and Combinatorial Optimization. Algorithms and Techniques, {APPROX/RANDOM} 2016, September 7-9, 2016, Paris, France},
	Url = {http://www.dagstuhl.de/dagpub/978-3-95977-018-7},
	Volume = {60},
	Year = {2016},
	Bdsk-Url-1 = {http://www.dagstuhl.de/dagpub/978-3-95977-018-7}}

@inproceedings{DBLP:conf/focs/KarninLL16,
	Author = {Zohar S. Karnin and Kevin J. Lang and Edo Liberty},
	Bibsource = {dblp computer science bibliography, https://dblp.org},
	Biburl = {https://dblp.org/rec/bib/conf/focs/KarninLL16},
	Booktitle = {{IEEE} 57th Annual Symposium on Foundations of Computer Science, {FOCS} 2016, 9-11 October 2016, Hyatt Regency, New Brunswick, New Jersey, {USA}},
	Crossref = {DBLP:conf/focs/2016},
	Date-Added = {2018-11-19 20:28:29 +0000},
	Date-Modified = {2018-11-19 20:28:29 +0000},
	Doi = {10.1109/FOCS.2016.17},
	Pages = {71--78},
	Timestamp = {Fri, 02 Jun 2017 08:10:42 +0200},
	Title = {Optimal Quantile Approximation in Streams},
	Url = {https://doi.org/10.1109/FOCS.2016.17},
	Year = {2016},
	Bdsk-Url-1 = {https://doi.org/10.1109/FOCS.2016.17}}

@inbook{barany2008,
	//Editor = {Gr{\"o}tschel, Martin and Katona, Gyula O. H. and S{\'a}gi, G{\'a}bor},
	Author = {B{\'a}r{\'a}ny, Imre},
	Date-Added = {2018-11-15 18:43:45 +0000},
	Date-Modified = {2018-11-15 18:45:10 +0000},
	Pages = {31--45},
	Publisher = {Springer Berlin Heidelberg},
	Title = {On the Power of Linear Dependencies},
	Year = {2008}}

@article{DBLP:journals/corr/abs-1802-01751,
	Archiveprefix = {arXiv},
	Author = {Jeff M. Phillips and Wai Ming Tai},
	Bibsource = {dblp computer science bibliography, https://dblp.org},
	Biburl = {https://dblp.org/rec/bib/journals/corr/abs-1802-01751},
	Date-Added = {2018-11-12 03:46:22 +0000},
	Date-Modified = {2018-11-12 03:46:22 +0000},
	Eprint = {1802.01751},
	Journal = {CoRR},
	Timestamp = {Mon, 13 Aug 2018 16:47:29 +0200},
	Title = {Near-Optimal Coresets of Kernel Density Estimates},
	Url = {http://arxiv.org/abs/1802.01751},
	Volume = {abs/1802.01751},
	Year = {2018},
	Bdsk-Url-1 = {http://arxiv.org/abs/1802.01751}}

@inproceedings{Ghashami:2014:RED:2634074.2634127,
	Acmid = {2634127},
	Address = {Philadelphia, PA, USA},
	Author = {Ghashami, Mina and Phillips, Jeff M.},
	Booktitle = {Proceedings of the Twenty-fifth Annual ACM-SIAM Symposium on Discrete Algorithms},
	Date-Added = {2018-11-12 03:39:41 +0000},
	Date-Modified = {2018-11-12 03:39:41 +0000},
	Isbn = {978-1-611973-38-9},
	Location = {Portland, Oregon},
	Numpages = {11},
	Pages = {707--717},
	Publisher = {Society for Industrial and Applied Mathematics},
	Series = {SODA '14},
	Title = {Relative Errors for Deterministic Low-rank Matrix Approximations},
	Url = {http://dl.acm.org/citation.cfm?id=2634074.2634127},
	Year = {2014},
	Bdsk-Url-1 = {http://dl.acm.org/citation.cfm?id=2634074.2634127}}

@inproceedings{DBLP:conf/soda/PhillipsT18,
	Author = {Jeff M. Phillips and Wai Ming Tai},
	Bibsource = {dblp computer science bibliography, https://dblp.org},
	Biburl = {https://dblp.org/rec/bib/conf/soda/PhillipsT18},
	Booktitle = {Proceedings of the Twenty-Ninth Annual {ACM-SIAM} Symposium on Discrete Algorithms, {SODA} 2018, New Orleans, LA, USA, January 7-10, 2018},
	Crossref = {DBLP:conf/soda/2018},
	Date-Added = {2018-11-11 15:03:31 +0000},
	Date-Modified = {2018-11-11 15:03:31 +0000},
	Doi = {10.1137/1.9781611975031.173},
	Pages = {2718--2727},
	Timestamp = {Thu, 04 Jan 2018 13:55:11 +0100},
	Title = {Improved Coresets for Kernel Density Estimates},
	Url = {https://doi.org/10.1137/1.9781611975031.173},
	Year = {2018},
	Bdsk-Url-1 = {https://doi.org/10.1137/1.9781611975031.173}}

@proceedings{DBLP:conf/soda/2018,
	Bibsource = {dblp computer science bibliography, https://dblp.org},
	Biburl = {https://dblp.org/rec/bib/conf/soda/2018},
	Date-Added = {2018-11-11 15:03:31 +0000},
	Date-Modified = {2018-11-11 15:03:31 +0000},
	Doi = {10.1137/1.9781611975031},
	Editor = {Artur Czumaj},
	Isbn = {978-1-61197-503-1},
	Publisher = {{SIAM}},
	Timestamp = {Thu, 04 Jan 2018 13:32:12 +0100},
	Title = {Proceedings of the Twenty-Ninth Annual {ACM-SIAM} Symposium on Discrete Algorithms, {SODA} 2018, New Orleans, LA, USA, January 7-10, 2018},
	Url = {https://doi.org/10.1137/1.9781611975031},
	Year = {2018},
	Bdsk-Url-1 = {https://doi.org/10.1137/1.9781611975031}}

@inproceedings{DBLP:conf/soda/GhashamiP14,
	Author = {Mina Ghashami and Jeff M. Phillips},
	Bibsource = {dblp computer science bibliography, https://dblp.org},
	Biburl = {https://dblp.org/rec/bib/conf/soda/GhashamiP14},
	Booktitle = {Proceedings of the Twenty-Fifth Annual {ACM-SIAM} Symposium on Discrete Algorithms, {SODA} 2014, Portland, Oregon, USA, January 5-7, 2014},
	Crossref = {DBLP:conf/soda/2014},
	Date-Added = {2018-11-11 15:02:51 +0000},
	Date-Modified = {2018-11-11 15:02:51 +0000},
	Doi = {10.1137/1.9781611973402.53},
	Pages = {707--717},
	Timestamp = {Wed, 24 May 2017 08:31:21 +0200},
	Title = {Relative Errors for Deterministic Low-Rank Matrix Approximations},
	Url = {https://doi.org/10.1137/1.9781611973402.53},
	Year = {2014},
	Bdsk-Url-1 = {https://doi.org/10.1137/1.9781611973402.53}}

@proceedings{DBLP:conf/soda/2014,
	Bibsource = {dblp computer science bibliography, https://dblp.org},
	Biburl = {https://dblp.org/rec/bib/conf/soda/2014},
	Date-Added = {2018-11-11 15:02:51 +0000},
	Date-Modified = {2018-11-11 15:02:51 +0000},
	Doi = {10.1137/1.9781611973402},
	Editor = {Chandra Chekuri},
	Isbn = {978-1-61197-338-9},
	Publisher = {{SIAM}},
	Timestamp = {Wed, 24 May 2017 08:31:21 +0200},
	Title = {Proceedings of the Twenty-Fifth Annual {ACM-SIAM} Symposium on Discrete Algorithms, {SODA} 2014, Portland, Oregon, USA, January 5-7, 2014},
	Url = {https://doi.org/10.1137/1.9781611973402},
	Year = {2014},
	Bdsk-Url-1 = {https://doi.org/10.1137/1.9781611973402}}

@inproceedings{DBLP:conf/soda/DeshpandeRVW06,
	Author = {Amit Deshpande and Luis Rademacher and Santosh Vempala and Grant Wang},
	Bibsource = {dblp computer science bibliography, https://dblp.org},
	Biburl = {https://dblp.org/rec/bib/conf/soda/DeshpandeRVW06},
	Booktitle = {Proceedings of the Seventeenth Annual {ACM-SIAM} Symposium on Discrete Algorithms, {SODA} 2006, Miami, Florida, USA, January 22-26, 2006},
	Crossref = {DBLP:conf/soda/2006},
	Date-Added = {2018-11-11 15:00:49 +0000},
	Date-Modified = {2018-11-11 15:00:49 +0000},
	Pages = {1117--1126},
	Timestamp = {Tue, 06 Mar 2018 17:05:10 +0100},
	Title = {Matrix approximation and projective clustering via volume sampling},
	Url = {http://dl.acm.org/citation.cfm?id=1109557.1109681},
	Year = {2006},
	Bdsk-Url-1 = {http://dl.acm.org/citation.cfm?id=1109557.1109681}}

@proceedings{DBLP:conf/soda/2006,
	Bibsource = {dblp computer science bibliography, https://dblp.org},
	Biburl = {https://dblp.org/rec/bib/conf/soda/2006},
	Date-Added = {2018-11-11 15:00:49 +0000},
	Date-Modified = {2018-11-11 15:00:49 +0000},
	Isbn = {0-89871-605-5},
	Publisher = {{ACM} Press},
	Timestamp = {Fri, 07 Dec 2012 17:02:08 +0100},
	Title = {Proceedings of the Seventeenth Annual {ACM-SIAM} Symposium on Discrete Algorithms, {SODA} 2006, Miami, Florida, USA, January 22-26, 2006},
	Url = {http://dl.acm.org/citation.cfm?id=1109557},
	Year = {2006},
	Bdsk-Url-1 = {http://dl.acm.org/citation.cfm?id=1109557}}

@inproceedings{DBLP:conf/focs/DeshpandeR10,
	Author = {Amit Deshpande and Luis Rademacher},
	Bibsource = {dblp computer science bibliography, https://dblp.org},
	Biburl = {https://dblp.org/rec/bib/conf/focs/DeshpandeR10},
	Booktitle = {51th Annual {IEEE} Symposium on Foundations of Computer Science, {FOCS} 2010, October 23-26, 2010, Las Vegas, Nevada, {USA}},
	Crossref = {DBLP:conf/focs/2010},
	Date-Added = {2018-11-11 14:59:28 +0000},
	Date-Modified = {2018-11-11 14:59:28 +0000},
	Doi = {10.1109/FOCS.2010.38},
	Pages = {329--338},
	Timestamp = {Tue, 06 Mar 2018 17:05:10 +0100},
	Title = {Efficient Volume Sampling for Row/Column Subset Selection},
	Url = {https://doi.org/10.1109/FOCS.2010.38},
	Year = {2010},
	Bdsk-Url-1 = {https://doi.org/10.1109/FOCS.2010.38}}

@proceedings{DBLP:conf/focs/2010,
	Bibsource = {dblp computer science bibliography, https://dblp.org},
	Biburl = {https://dblp.org/rec/bib/conf/focs/2010},
	Date-Added = {2018-11-11 14:59:28 +0000},
	Date-Modified = {2018-11-11 14:59:28 +0000},
	Isbn = {978-0-7695-4244-7},
	Publisher = {{IEEE} Computer Society},
	Timestamp = {Mon, 15 Dec 2014 18:48:44 +0100},
	Title = {51th Annual {IEEE} Symposium on Foundations of Computer Science, {FOCS} 2010, October 23-26, 2010, Las Vegas, Nevada, {USA}},
	Url = {http://ieeexplore.ieee.org/xpl/mostRecentIssue.jsp?punumber=5669376},
	Year = {2010},
	Bdsk-Url-1 = {http://ieeexplore.ieee.org/xpl/mostRecentIssue.jsp?punumber=5669376}}

@book{tomczak1989banach,
	Author = {Tomczak-Jaegermann, Nicole},
	Publisher = {Longman Sc \& Tech},
	Title = {Banach-Mazur distances and finite-dimensional operator ideals},
	Volume = {38},
	Year = {1989}}

@article{matouvsek2014factorization,
	Author = {Matou{\v{s}}ek, Ji{\v{r}}{\'\i} and Nikolov, Aleksandar and Talwar, Kunal},
	Journal = {International Mathematics Research Notices},
	Title = {Factorization norms and hereditary discrepancy},
	Year = {2014}}

@article{banaszczyk1998balancing,
	Author = {Banaszczyk, Wojciech},
	Journal = {Random Structures \& Algorithms},
	Number = {4},
	Pages = {351--360},
	Publisher = {Wiley Online Library},
	Title = {Balancing vectors and Gaussian measures of n-dimensional convex bodies},
	Volume = {12},
	Year = {1998}}

@proceedings{DBLP:conf/focs/2016,
	Bibsource = {dblp computer science bibliography, https://dblp.org},
	Biburl = {https://dblp.org/rec/bib/conf/focs/2016},
	Date-Added = {2019-01-02 21:25:34 -0800},
	Date-Modified = {2019-01-02 21:25:34 -0800},
	Editor = {Irit Dinur},
	Isbn = {978-1-5090-3933-3},
	Publisher = {{IEEE} Computer Society},
	Timestamp = {Tue, 20 Dec 2016 16:13:45 +0100},
	Title = {{IEEE} 57th Annual Symposium on Foundations of Computer Science, {FOCS} 2016, 9-11 October 2016, Hyatt Regency, New Brunswick, New Jersey, {USA}},
	Url = {http://ieeexplore.ieee.org/xpl/mostRecentIssue.jsp?punumber=7781469},
	Year = {2016},
	Bdsk-Url-1 = {http://ieeexplore.ieee.org/xpl/mostRecentIssue.jsp?punumber=7781469}}

@article{tolochinsky2018coresets,
	Author = {Tolochinsky, Elad and Feldman, Dan},
	Journal = {arXiv preprint arXiv:1802.07382},
	Title = {Coresets For Monotonic Functions with Applications to Deep Learning},
	Year = {2018}}

@book{silverman2018density,
	Author = {Silverman, Bernard W},
	Publisher = {Routledge},
	Title = {Density estimation for statistics and data analysis},
	Year = {2018}}

@inproceedings{schubert2014generalized,
	Author = {Schubert, Erich and Zimek, Arthur and Kriegel, Hans-Peter},
	Booktitle = {Proceedings of the 2014 SIAM International Conference on Data Mining},
	Organization = {SIAM},
	Pages = {542--550},
	Title = {Generalized outlier detection with flexible kernel density estimates},
	Year = {2014}}

@book{fan2018local,
	Author = {Fan, Jianqing},
	Publisher = {Routledge},
	Title = {Local polynomial modelling and its applications: monographs on statistics and applied probability 66},
	Year = {2018}}

@article{rinaldo2010generalized,
	Author = {Rinaldo, Alessandro and Wasserman, Larry and others},
	Journal = {The Annals of Statistics},
	Number = {5},
	Pages = {2678--2722},
	Publisher = {Institute of Mathematical Statistics},
	Title = {Generalized density clustering},
	Volume = {38},
	Year = {2010}}

@inproceedings{langberg2010universal,
	Author = {Langberg, Michael and Schulman, Leonard J},
	Booktitle = {Proceedings of the twenty-first annual ACM-SIAM symposium on Discrete Algorithms},
	Organization = {SIAM},
	Pages = {598--607},
	Title = {Universal $\varepsilon$-approximators for integrals},
	Year = {2010}}

@phdthesis{phillips2009small,
	Author = {Phillips, Jeff M},
	Title = {Small and stable descriptors of distributions for geometric statistical problems},
	Year = {2009}}

@inproceedings{lopez2015towards,
	Author = {Lopez-Paz, David and Muandet, Krikamol and Sch{\"o}lkopf, Bernhard and Tolstikhin, Iliya},
	Booktitle = {International Conference on Machine Learning},
	Pages = {1452--1461},
	Title = {Towards a learning theory of cause-effect inference},
	Year = {2015}}

@article{talagrand1994sharper,
	Author = {Talagrand, Michel},
	Journal = {The Annals of Probability},
	Pages = {28--76},
	Publisher = {JSTOR},
	Title = {Sharper bounds for Gaussian and empirical processes},
	Year = {1994}}
